@article{ma2017adapted,
  title={Adapted stochastic gradient descent for linear systems with missing data},
  author={Ma, ANNA and Needell, DEANNA},
  journal={Numerical Mathematics: Theory, Methods and Applications},
  year={2017}
}

@article{mendelimpute,
    title = {{A Fast Data-Driven Method for Genotype Imputation, Phasing, and Local Ancestry Inference: MendelImpute.jl}},
    author = {Chu, Benjamin B and Sobel, Eric M and Wasiolek, Rory and Sinsheimer, Janet S and Zhou, Hua and Lange, Kenneth},
    year = {2020},
    journal={arXiv preprint DOI:10.1101/2020.10.24.353755}
}

@article{chu2020iterative,
  title={Iterative hard thresholding in genome-wide association studies: Generalized linear models, prior weights, and double sparsity},
  author={Chu, Benjamin B and Keys, Kevin L and German, Christopher A and Zhou, Hua and Zhou, Jin J and Sobel, Eric M and Sinsheimer, Janet S and Lange, Kenneth},
  journal={GigaScience},
  volume={9},
  number={6},
  pages={giaa044},
  year={2020},
  publisher={Oxford University Press}
}

@article{gaines2018algorithms,
  title={Algorithms for fitting the constrained lasso},
  author={Gaines, Brian R and Kim, Juhyun and Zhou, Hua},
  journal={Journal of Computational and Graphical Statistics},
  volume={27},
  number={4},
  pages={861--871},
  year={2018},
  publisher={Taylor \& Francis}
}

@article{chu2021multivariate,
  title={{Multivariate Genomewide Association Analysis with IHT}},
  author={Chu, Benjamin B and Ko, Seyoon and Zhou, Jin J and Zhou, Hua and Sinsheimer, Janet S and Lange, Kenneth L},
  journal={bioRxiv},
  year={2021},
  publisher={Cold Spring Harbor Laboratory}
}

@article{sesia2021fdr,
  title={{FDR control in GWAS with population structure}},
  author={Sesia, Matteo and Bates, Stephen and Cand{\`e}s, Emmanuel and Marchini, Jonathan and Sabatti, Chiara},
  journal={bioRxiv},
  pages={2020--08},
  year={2021},
  publisher={Cold Spring Harbor Laboratory}
}

@article{o2016haplotype,
  title={Haplotype estimation for biobank-scale data sets},
  author={O'Connell, Jared and Sharp, Kevin and Shrine, Nick and Wain, Louise and Hall, Ian and Tobin, Martin and Zagury, Jean-Francois and Delaneau, Olivier and Marchini, Jonathan},
  journal={Nature genetics},
  volume={48},
  number={7},
  pages={817--820},
  year={2016},
  publisher={Nature Publishing Group}
}

@article{euesden2015prsice,
  title={{PRSice: polygenic risk score software}},
  author={Euesden, Jack and Lewis, Cathryn M and Oâ€™Reilly, Paul F},
  journal={Bioinformatics},
  volume={31},
  number={9},
  pages={1466--1468},
  year={2015},
  publisher={Oxford University Press}
}

@article{choi2019prsice,
  title={{PRSice-2: Polygenic Risk Score software for biobank-scale data}},
  author={Choi, Shing Wan and O'Reilly, Paul F},
  journal={Gigascience},
  volume={8},
  number={7},
  pages={giz082},
  year={2019},
  publisher={Oxford University Press}
}

@article{prive2020ldpred2,
  title={{LDpred2: better, faster, stronger}},
  author={Priv{\'e}, Florian and Arbel, Julyan and Vilhj{\'a}lmsson, Bjarni J},
  journal={Bioinformatics},
  volume={36},
  number={22-23},
  pages={5424--5431},
  year={2020},
  publisher={Oxford University Press}
}

@article{prive2019efficient,
  title={{Efficient implementation of penalized regression for genetic risk prediction}},
  author={Priv{\'e}, Florian and Aschard, Hugues and Blum, Michael GB},
  journal={Genetics},
  volume={212},
  number={1},
  pages={65--74},
  year={2019},
  publisher={Oxford University Press}
}

@article{qian2020fast,
  title={A fast and scalable framework for large-scale and ultrahigh-dimensional sparse regression with application to the UK Biobank},
  author={Qian, Junyang and Tanigawa, Yosuke and Du, Wenfei and Aguirre, Matthew and Chang, Chris and Tibshirani, Robert and Rivas, Manuel A and Hastie, Trevor},
  journal={PLoS genetics},
  volume={16},
  number={10},
  pages={e1009141},
  year={2020},
  publisher={Public Library of Science San Francisco, CA USA}
}

@article{mak2017polygenic,
  title={Polygenic scores via penalized regression on summary statistics},
  author={Mak, Timothy Shin Heng and Porsch, Robert Milan and Choi, Shing Wan and Zhou, Xueya and Sham, Pak Chung},
  journal={Genetic epidemiology},
  volume={41},
  number={6},
  pages={469--480},
  year={2017},
  publisher={Wiley Online Library}
}

@article{lloyd2019improved,
  title={Improved polygenic prediction by Bayesian multiple regression on summary statistics},
  author={Lloyd-Jones, Luke R and Zeng, Jian and Sidorenko, Julia and Yengo, Lo{\"\i}c and Moser, Gerhard and Kemper, Kathryn E and Wang, Huanwei and Zheng, Zhili and Magi, Reedik and Esko, Tonu and others},
  journal={Nature communications},
  volume={10},
  number={1},
  pages={1--11},
  year={2019},
  publisher={Nature Publishing Group}
}

@article{moser2015simultaneous,
  title={Simultaneous discovery, estimation and prediction analysis of complex traits using a Bayesian mixture model},
  author={Moser, Gerhard and Lee, Sang Hong and Hayes, Ben J and Goddard, Michael E and Wray, Naomi R and Visscher, Peter M},
  journal={PLoS genetics},
  volume={11},
  number={4},
  pages={e1004969},
  year={2015},
  publisher={Public Library of Science San Francisco, CA USA}
}

@article{price2010new,
  title={New approaches to population stratification in genome-wide association studies},
  author={Price, Alkes L and Zaitlen, Noah A and Reich, David and Patterson, Nick},
  journal={Nature reviews genetics},
  volume={11},
  number={7},
  pages={459--463},
  year={2010},
  publisher={Nature Publishing Group}
}

@article{sesia2020multi,
  title={Multi-resolution localization of causal variants across the genome},
  author={Sesia, Matteo and Katsevich, Eugene and Bates, Stephen and Cand{\`e}s, Emmanuel and Sabatti, Chiara},
  journal={Nature communications},
  volume={11},
  number={1},
  pages={1--10},
  year={2020},
  publisher={Nature Publishing Group}
}

@article{abramovich2006adapting,
  title={Adapting to unknown sparsity by controlling the false discovery rate},
  author={Abramovich, Felix and Benjamini, Yoav and Donoho, David L and Johnstone, Iain M},
  journal={The Annals of Statistics},
  volume={34},
  number={2},
  pages={584--653},
  year={2006},
  publisher={Institute of Mathematical Statistics}
}

@article{benjamini2009simple,
  title={A simple forward selection procedure based on false discovery rate control},
  author={Benjamini, Yoav and Gavrilov, Yulia},
  journal={The Annals of Applied Statistics},
  pages={179--198},
  year={2009},
  publisher={JSTOR}
}

@article{sesia2021false,
  title={False discovery rate control in genome-wide association studies with population structure},
  author={Sesia, Matteo and Bates, Stephen and Cand{\`e}s, Emmanuel and Marchini, Jonathan and Sabatti, Chiara},
  journal={Proceedings of the National Academy of Sciences},
  volume={118},
  number={40},
  year={2021},
  publisher={National Acad Sciences}
}

@article{sesia2017gene,
  title={Gene hunting with knockoffs for hidden markov models},
  author={Sesia, Matteo and Sabatti, Chiara and Cand{\`e}s, Emmanuel J},
  journal={arXiv preprint arXiv:1706.04677},
  year={2017}
}

@article{spector2020powerful,
  title={Powerful Knockoffs via Minimizing Reconstructability},
  author={Spector, Asher and Janson, Lucas},
  journal={arXiv preprint arXiv:2011.14625},
  year={2020}
}
